@article{tian2014,
  title={Predicting the restricted mean survival time with the subjectâ€™s baseline covariates in survival analysis},
  author={Tian, Lu and Zhao, Lihui and Wei, LJ},
  journal={Biostatistics},
  volume={15},
  number={4},
  pages={715--724},
  year={2014},
  publisher={Oxford University Press}
}

@article{wang2019,
  title={Evaluating center (stratum) effects using a multiplicative model for RMST},
  author={Wang, J. and Haneuse, S. and Parast, L.},
  journal={Biostatistics},
  volume={20},
  number={4},
  pages={633--648},
  year={2019}
}

@article{zhang2024,
  title={A semiparametric additive model for restricted mean survival time with a large number of strata},
  author={Zhang, Yuan and Ma, S.},
  journal={Biometrics},
  year={2024}
}

@article{wang2018,
  title={Regression analysis of restricted mean survival time with covariate-dependent censoring},
  author={Wang, Y. and Ma, X. and Wang, J.},
  journal={Statistics in Medicine},
  volume={37},
  number={1},
  pages={129--140},
  year={2018}
}

@article{uno2014,
  title={Moving beyond the hazard ratio in quantifying the between-group difference in survival analysis},
  author={Uno, Hajime and Claggett, Brian and Tian, Lu and Inoue, Eisuke and Gallo, Paul and Miyata, Tomoo and Schrag, Deborah and Takeuchi, Masahiro and Pfeffer, Marc A and Solomon, Scott D and others},
  journal={Journal of clinical Oncology},
  volume={32},
  number={22},
  pages={2380},
  year={2014},
  publisher={American Society of Clinical Oncology}
}
@article{parner2010,
author = {Parner, Erik and Andersen, Per},
year = {2010},
month = {09},
pages = {408-422},
title = {Regression Analysis of Censored Data Using Pseudo-observations},
volume = {10},
journal = {Stata Journal},
doi = {10.1177/1536867X1001000308}
}

@book{hastie1990,
  author    = {Hastie, Trevor and Tibshirani, Robert},
  title     = {Generalized Additive Models},
  publisher = {Chapman \& Hall/CRC},
  year      = {1990}
}

@article{andersen2004,
  author  = {Andersen, Per K. and Hansen, Mette G. and Klein, John P.},
  title   = {Regression analysis of restricted mean survival time based on pseudo-observations},
  journal = {Lifetime Data Analysis},
  year    = {2004},
  volume  = {10},
  number  = {4},
  pages   = {335--350},
  doi     = {10.1023/B:LIDA.0000046152.66691.68}
}

@article{royston2013,
  author  = {Royston, Patrick and Parmar, Mahesh K. B.},
  title   = {Restricted mean survival time: an alternative to the hazard ratio for the design and analysis of randomized trials with a time-to-event outcome},
  journal = {BMC Medical Research Methodology},
  year    = {2013},
  volume  = {13},
  number  = {1},
  pages   = {152},
  doi     = {10.1186/1471-2288-13-152}
}

@article{royston2011,
  author  = {Royston, Patrick and Parmar, Mahesh K. B.},
  title   = {The use of restricted mean survival time to estimate the treatment effect in randomized clinical trials when the proportional hazards assumption is in doubt},
  journal = {Statistics in Medicine},
  year    = {2011},
  volume  = {30},
  number  = {19},
  pages   = {2409--2421},
  doi     = {10.1002/sim.4274}
}

@article{karrison1997,
  author  = {Karrison, Theodore G.},
  title   = {Restricted mean life with adjustment for covariates},
  journal = {Journal of the American Statistical Association},
  year    = {1997},
  volume  = {92},
  number  = {437},
  pages   = {16--22},
  doi     = {10.1080/01621459.1997.10473605}
}

@article{uno2014,
  author  = {Uno, Hajime and Claggett, Brian and Tian, Lu and Inoue, Eiji and Gallo, Paolo and Miyata, Toshihiro and Schrag, Deborah and Takeuchi, Masahiro and Uyama, Yoshiaki and Zhao, Liming and Skali, Hicham and Solomon, Scott D. and Jacobus, Susanne and Hughes, Michael and Packer, Milton and Wei, Lee-Jen},
  title   = {Moving beyond the hazard ratio in quantifying the between-group difference in survival analysis},
  journal = {Journal of Clinical Oncology},
  year    = {2014},
  volume  = {32},
  number  = {22},
  pages   = {2380--2385},
  doi     = {10.1200/JCO.2014.55.2208}
}

@article{robins1992,
  author  = {Robins, James M. and Rotnitzky, Andrea},
  title   = {Recovery of information and adjustment for dependent censoring using surrogate markers},
  booktitle = {AIDS Epidemiology: Methodological Issues},
  publisher = {Birkh{\"a}user},
  year    = {1992},
  pages   = {297--331}
}

@article{zhao2001,
  author  = {Zhao, Liming and Tian, Lu},
  title   = {On the restricted mean with random right censoring},
  journal = {Biometrika},
  year    = {2001},
  volume  = {88},
  number  = {3},
  pages   = {791--795},
  doi     = {10.1093/biomet/88.3.791}
}

@article{robins2000,
  author  = {Robins, James M. and Finkelstein, Dianne M.},
  title   = {Correcting for noncompliance and dependent censoring in an AIDS clinical trial with inverse probability of censoring weighted (IPCW) log-rank tests},
  journal = {Biometrics},
  year    = {2000},
  volume  = {56},
  number  = {3},
  pages   = {779--788},
  doi     = {10.1111/j.0006-341X.2000.00779.x}
}
